<?xml version="1.0" encoding="UTF-8"?><collection xmlns="http://www.loc.gov/MARC21/slim"><record><leader>00373nam--2200145-i-4500</leader><controlfield tag="001">000036094</controlfield><controlfield tag="002">20161230</controlfield><controlfield tag="005">20161230201040</controlfield><controlfield tag="008">060222s1000------------r-----000-0-eng-d</controlfield><datafield ind1=" " ind2=" " tag="080"><subfield code="a">517.512.2(083)</subfield></datafield><datafield ind1=" " ind2=" " tag="100"><subfield code="a">Oberhettinger, Fritz</subfield></datafield><datafield ind1=" " ind2=" " tag="245"><subfield code="a">Fourier expansion</subfield></datafield><datafield ind1=" " ind2=" " tag="260"><subfield code="a">New York, Academic Press, 1973. Xi+64p</subfield></datafield><datafield ind1=" " ind2=" " tag="852"><subfield code="a">42594</subfield><subfield code="c">517.5</subfield></datafield><datafield ind1=" " ind2=" " tag="CAT"><subfield code="a">Sys</subfield><subfield code="c">20080806</subfield><subfield code="h">102839</subfield></datafield></record></collection>